@article{frank2013happiness,
  title={Happiness and the patterns of life: A study of geolocated tweets},
  author={Frank, Morgan R and Mitchell, Lewis and Dodds, Peter Sheridan and Danforth, Christopher M},
  journal={Scientific reports},
  volume={3},
  year={2013},
  publisher={Nature Publishing Group}
}