%% This BibTeX bibliography file was created using BibDesk.
%% http://bibdesk.sourceforge.net/


%% Created for Myeonghun Jeong at 2018-02-21 14:47:21 +0900 


%% Saved with string encoding Unicode (UTF-8) 



@inproceedings{pan13ACMSigspatial,
	Author = {Pan, Bei and Zheng, Yu and Wilkie, David and Shahabi, Cyrus},
	Booktitle = {Proc.  21st ACM SIGSPATIAL International Conference on Advances in Geographic Information Systems},
	Date-Added = {2018-02-21 05:46:43 +0000},
	Date-Modified = {2018-02-21 05:47:18 +0000},
	Organization = {ACM},
	Pages = {344--353},
	Title = {Crowd sensing of traffic anomalies based on human mobility and social media},
	Year = {2013}}

@article{wilcox03MBR,
	Author = {Wilcox, Rand R},
	Date-Added = {2018-02-20 11:24:29 +0000},
	Date-Modified = {2018-02-20 11:25:05 +0000},
	Journal = {Multivariate Behavioral Research},
	Number = {2},
	Pages = {225--246},
	Publisher = {Taylor \& Francis},
	Title = {Two-sample, bivariate hypothesis testing methods based on {T}ukey's depth},
	Volume = {38},
	Year = {2003}}

@url{aplpackR,
	Author = {Hans Peter Wolf and Uni Bielefeld},
	Date-Added = {2018-02-18 10:29:36 +0000},
	Date-Modified = {2018-02-18 10:36:25 +0000},
	Note = {R package version 1.3.0},
	Title = {aplpack: {A}nother {P}lot {PACK}age: stem.leaf, bagplot, faces, spin3R, plotsummary, plothulls, and some slider functions},
	Url = {https://CRAN.R-project.org/package=aplpack},
	Year = {2014},
	Bdsk-Url-1 = {https://CRAN.R-project.org/package=aplpack}}

@article{rousseeuw99AS,
	Author = {Rousseeuw, Peter J and Ruts, Ida and Tukey, John W},
	Date-Added = {2018-02-14 02:27:24 +0000},
	Date-Modified = {2018-02-14 02:27:24 +0000},
	Journal = {The American Statistician},
	Number = {4},
	Pages = {382--387},
	Publisher = {Taylor \& Francis Group},
	Title = {The bagplot: a bivariate boxplot},
	Volume = {53},
	Year = {1999}}

@article{wilcox03CSSC,
	Author = {Wilcox, R},
	Date-Added = {2018-02-13 15:04:11 +0000},
	Date-Modified = {2018-02-13 15:04:24 +0000},
	Journal = {Communications in Statistics-Simulation and Computation},
	Number = {4},
	Pages = {977--985},
	Publisher = {Taylor \& Francis},
	Title = {Approximating Tukey's depth},
	Volume = {32},
	Year = {2003}}

@article{liu90AS,
	Author = {Liu, Regina Y},
	Date-Added = {2018-02-13 15:03:23 +0000},
	Date-Modified = {2018-02-13 15:03:35 +0000},
	Journal = {The Annals of Statistics},
	Pages = {405--414},
	Publisher = {JSTOR},
	Title = {On a notion of data depth based on random simplices},
	Year = {1990}}

@inproceedings{jeong16acmgis,
	Author = {Jeong, Myeong-Hun and Cai, Yaping and Sullivan, Clair J and Wang, Shaowen},
	Booktitle = {Proc. 24th ACM SIGSPATIAL International Conference on Advances in Geographic Information Systems},
	Date-Added = {2018-02-13 14:56:39 +0000},
	Date-Modified = {2018-02-13 14:57:11 +0000},
	Organization = {ACM},
	Pages = {29},
	Title = {Data depth based clustering analysis},
	Year = {2016}}

@article{lange14fSP,
	Author = {Lange, Tatjana and Mosler, Karl and Mozharovskyi, Pavlo},
	Date-Added = {2018-02-13 14:55:49 +0000},
	Date-Modified = {2018-02-13 14:55:49 +0000},
	Journal = {Statistical Papers},
	Number = {1},
	Pages = {49--69},
	Publisher = {Springer},
	Title = {Fast nonparametric classification based on data depth},
	Volume = {55},
	Year = {2014},
	Bdsk-File-1 = {YnBsaXN0MDDUAQIDBAUGJCVYJHZlcnNpb25YJG9iamVjdHNZJGFyY2hpdmVyVCR0b3ASAAGGoKgHCBMUFRYaIVUkbnVsbNMJCgsMDxJXTlMua2V5c1pOUy5vYmplY3RzViRjbGFzc6INDoACgAOiEBGABIAFgAdccmVsYXRpdmVQYXRoWWFsaWFzRGF0YV8QMS4uLy4uLy4uLy4uLy4uLy4uL1Jlc2VhcmNoL3BhcGVycy9ML0xhbmdlMTRTUC5wZGbSFwsYGVdOUy5kYXRhTxEBZAAAAAABZAACAAAMTWFjaW50b3NoIEhEAAAAAAAAAAAAAAAAAAAAAAAAAEJEAAH/////DUxhbmdlMTRTUC5wZGYAAAAAAAAAAAAAAAAAAAAAAAAAAAAAAAAAAAAAAAAAAAAAAAAAAAAAAAAAAAAAAAAAAP////8AAAAAAAAAAAAAAAAABgAEAAAKIGN1AAAAAAAAAAAAAAAAAAFMAAACADkvOlVzZXJzOm1oamVvbmc6RG9jdW1lbnRzOlJlc2VhcmNoOnBhcGVyczpMOkxhbmdlMTRTUC5wZGYAAA4AHAANAEwAYQBuAGcAZQAxADQAUwBQAC4AcABkAGYADwAaAAwATQBhAGMAaQBuAHQAbwBzAGgAIABIAEQAEgA3VXNlcnMvbWhqZW9uZy9Eb2N1bWVudHMvUmVzZWFyY2gvcGFwZXJzL0wvTGFuZ2UxNFNQLnBkZgAAEwABLwAAFQACAA7//wAAgAbSGxwdHlokY2xhc3NuYW1lWCRjbGFzc2VzXU5TTXV0YWJsZURhdGGjHR8gVk5TRGF0YVhOU09iamVjdNIbHCIjXE5TRGljdGlvbmFyeaIiIF8QD05TS2V5ZWRBcmNoaXZlctEmJ1Ryb290gAEACAARABoAIwAtADIANwBAAEYATQBVAGAAZwBqAGwAbgBxAHMAdQB3AIQAjgDCAMcAzwI3AjkCPgJJAlICYAJkAmsCdAJ5AoYCiQKbAp4CowAAAAAAAAIBAAAAAAAAACgAAAAAAAAAAAAAAAAAAAKl}}

@article{rousseeuw96RSS,
	Author = {Rousseeuw, Peter J and Ruts, Ida},
	Date-Added = {2018-02-13 13:06:24 +0000},
	Date-Modified = {2018-02-13 13:06:45 +0000},
	Journal = {Journal of the Royal Statistical Society. Series C (Applied Statistics)},
	Number = {4},
	Pages = {516--526},
	Publisher = {JSTOR},
	Title = {Algorithm AS 307: Bivariate location depth},
	Volume = {45},
	Year = {1996}}

@article{liu00AS,
	Author = {Yijun Zuo and Robert Serfling},
	Date-Added = {2018-02-13 13:04:05 +0000},
	Date-Modified = {2018-02-13 13:04:05 +0000},
	Journal = {The Annals of Statistics},
	Pages = {461--482},
	Title = {General notions of statistical depth functions},
	Volume = {28},
	Year = {2000},
	Bdsk-File-1 = {YnBsaXN0MDDUAQIDBAUGJCVYJHZlcnNpb25YJG9iamVjdHNZJGFyY2hpdmVyVCR0b3ASAAGGoKgHCBMUFRYaIVUkbnVsbNMJCgsMDxJXTlMua2V5c1pOUy5vYmplY3RzViRjbGFzc6INDoACgAOiEBGABIAFgAdccmVsYXRpdmVQYXRoWWFsaWFzRGF0YV8QLy4uLy4uLy4uLy4uLy4uLy4uL1Jlc2VhcmNoL3BhcGVycy9aL1p1bzAwQVMucGRm0hcLGBlXTlMuZGF0YU8RAVwAAAAAAVwAAgAADE1hY2ludG9zaCBIRAAAAAAAAAAAAAAAAAAAAAAAAABCRAAB/////wtadW8wMEFTLnBkZgAAAAAAAAAAAAAAAAAAAAAAAAAAAAAAAAAAAAAAAAAAAAAAAAAAAAAAAAAAAAAAAAAAAAD/////AAAAAAAAAAAAAAAAAAYABAAACiBjdQAAAAAAAAAAAAAAAAABWgAAAgA3LzpVc2VyczptaGplb25nOkRvY3VtZW50czpSZXNlYXJjaDpwYXBlcnM6WjpadW8wMEFTLnBkZgAADgAYAAsAWgB1AG8AMAAwAEEAUwAuAHAAZABmAA8AGgAMAE0AYQBjAGkAbgB0AG8AcwBoACAASABEABIANVVzZXJzL21oamVvbmcvRG9jdW1lbnRzL1Jlc2VhcmNoL3BhcGVycy9aL1p1bzAwQVMucGRmAAATAAEvAAAVAAIADv//AACABtIbHB0eWiRjbGFzc25hbWVYJGNsYXNzZXNdTlNNdXRhYmxlRGF0YaMdHyBWTlNEYXRhWE5TT2JqZWN00hscIiNcTlNEaWN0aW9uYXJ5oiIgXxAPTlNLZXllZEFyY2hpdmVy0SYnVHJvb3SAAQAIABEAGgAjAC0AMgA3AEAARgBNAFUAYABnAGoAbABuAHEAcwB1AHcAhACOAMAAxQDNAi0CLwI0Aj8CSAJWAloCYQJqAm8CfAJ/ApEClAKZAAAAAAAAAgEAAAAAAAAAKAAAAAAAAAAAAAAAAAAAAps=}}

@article{liu93JASA,
	Author = {Liu, Regina Y and Singh, Kesar},
	Date-Added = {2018-02-13 08:28:51 +0000},
	Date-Modified = {2018-02-13 08:28:51 +0000},
	Journal = {Journal of the American Statistical Association},
	Number = {421},
	Pages = {252--260},
	Publisher = {Taylor \& Francis},
	Title = {A quality index based on data depth and multivariate rank tests},
	Volume = {88},
	Year = {1993},
	Bdsk-File-1 = {YnBsaXN0MDDUAQIDBAUGJCVYJHZlcnNpb25YJG9iamVjdHNZJGFyY2hpdmVyVCR0b3ASAAGGoKgHCBMUFRYaIVUkbnVsbNMJCgsMDxJXTlMua2V5c1pOUy5vYmplY3RzViRjbGFzc6INDoACgAOiEBGABIAFgAdccmVsYXRpdmVQYXRoWWFsaWFzRGF0YV8QMS4uLy4uLy4uLy4uLy4uLy4uL1Jlc2VhcmNoL3BhcGVycy9ML0xpdTkzSkFTQS5QREbSFwsYGVdOUy5kYXRhTxEBZAAAAAABZAACAAAMTWFjaW50b3NoIEhEAAAAAAAAAAAAAAAAAAAAAAAAAEJEAAH/////DUxpdTkzSkFTQS5QREYAAAAAAAAAAAAAAAAAAAAAAAAAAAAAAAAAAAAAAAAAAAAAAAAAAAAAAAAAAAAAAAAAAP////8AAAAAAAAAAAAAAAAABgAEAAAKIGN1AAAAAAAAAAAAAAAAAAFMAAACADkvOlVzZXJzOm1oamVvbmc6RG9jdW1lbnRzOlJlc2VhcmNoOnBhcGVyczpMOkxpdTkzSkFTQS5QREYAAA4AHAANAEwAaQB1ADkAMwBKAEEAUwBBAC4AUABEAEYADwAaAAwATQBhAGMAaQBuAHQAbwBzAGgAIABIAEQAEgA3VXNlcnMvbWhqZW9uZy9Eb2N1bWVudHMvUmVzZWFyY2gvcGFwZXJzL0wvTGl1OTNKQVNBLlBERgAAEwABLwAAFQACAA7//wAAgAbSGxwdHlokY2xhc3NuYW1lWCRjbGFzc2VzXU5TTXV0YWJsZURhdGGjHR8gVk5TRGF0YVhOU09iamVjdNIbHCIjXE5TRGljdGlvbmFyeaIiIF8QD05TS2V5ZWRBcmNoaXZlctEmJ1Ryb290gAEACAARABoAIwAtADIANwBAAEYATQBVAGAAZwBqAGwAbgBxAHMAdQB3AIQAjgDCAMcAzwI3AjkCPgJJAlICYAJkAmsCdAJ5AoYCiQKbAp4CowAAAAAAAAIBAAAAAAAAACgAAAAAAAAAAAAAAAAAAAKl}}

@inproceedings{tukey75ICM,
	Author = {Tukey, John W},
	Booktitle = {Proc. of the International Congress of Mathematicians},
	Date-Added = {2018-02-13 08:21:57 +0000},
	Date-Modified = {2018-02-13 08:21:57 +0000},
	Pages = {523--531},
	Title = {Mathematics and the picturing of data},
	Volume = {2},
	Year = {1975},
	Bdsk-File-1 = {YnBsaXN0MDDUAQIDBAUGJCVYJHZlcnNpb25YJG9iamVjdHNZJGFyY2hpdmVyVCR0b3ASAAGGoKgHCBMUFRYaIVUkbnVsbNMJCgsMDxJXTlMua2V5c1pOUy5vYmplY3RzViRjbGFzc6INDoACgAOiEBGABIAFgAdccmVsYXRpdmVQYXRoWWFsaWFzRGF0YV8QMi4uLy4uLy4uLy4uLy4uLy4uL1Jlc2VhcmNoL3BhcGVycy9UL1R1a2V5NzVJQ00ucGRm0hcLGBlXTlMuZGF0YU8RAWYAAAAAAWYAAgAADE1hY2ludG9zaCBIRAAAAAAAAAAAAAAAAAAAAAAAAABCRAAB/////w5UdWtleTc1SUNNLnBkZgAAAAAAAAAAAAAAAAAAAAAAAAAAAAAAAAAAAAAAAAAAAAAAAAAAAAAAAAAAAAAAAAD/////AAAAAAAAAAAAAAAAAAYABAAACiBjdQAAAAAAAAAAAAAAAAABVAAAAgA6LzpVc2VyczptaGplb25nOkRvY3VtZW50czpSZXNlYXJjaDpwYXBlcnM6VDpUdWtleTc1SUNNLnBkZgAOAB4ADgBUAHUAawBlAHkANwA1AEkAQwBNAC4AcABkAGYADwAaAAwATQBhAGMAaQBuAHQAbwBzAGgAIABIAEQAEgA4VXNlcnMvbWhqZW9uZy9Eb2N1bWVudHMvUmVzZWFyY2gvcGFwZXJzL1QvVHVrZXk3NUlDTS5wZGYAEwABLwAAFQACAA7//wAAgAbSGxwdHlokY2xhc3NuYW1lWCRjbGFzc2VzXU5TTXV0YWJsZURhdGGjHR8gVk5TRGF0YVhOU09iamVjdNIbHCIjXE5TRGljdGlvbmFyeaIiIF8QD05TS2V5ZWRBcmNoaXZlctEmJ1Ryb290gAEACAARABoAIwAtADIANwBAAEYATQBVAGAAZwBqAGwAbgBxAHMAdQB3AIQAjgDDAMgA0AI6AjwCQQJMAlUCYwJnAm4CdwJ8AokCjAKeAqECpgAAAAAAAAIBAAAAAAAAACgAAAAAAAAAAAAAAAAAAAKo}}

@inbook{Mosler13book,
	Address = {Berlin, Heidelberg},
	Author = {Mosler, Karl},
	Booktitle = {Robustness and Complex Data Structures: Festschrift in Honour of Ursula Gather},
	Chapter = {Depth Statistics},
	Date-Added = {2018-02-13 08:21:57 +0000},
	Date-Modified = {2018-02-13 08:21:57 +0000},
	Doi = {10.1007/978-3-642-35494-6_2},
	Editor = {Becker, Claudia and Fried, Roland and Kuhnt, Sonja},
	Isbn = {978-3-642-35494-6},
	Pages = {17--34},
	Publisher = {Springer Berlin Heidelberg},
	Title = {Robustness and Complex Data Structures},
	Url = {http://dx.doi.org/10.1007/978-3-642-35494-6_2},
	Year = {2013},
	Bdsk-File-1 = {YnBsaXN0MDDUAQIDBAUGJCVYJHZlcnNpb25YJG9iamVjdHNZJGFyY2hpdmVyVCR0b3ASAAGGoKgHCBMUFRYaIVUkbnVsbNMJCgsMDxJXTlMua2V5c1pOUy5vYmplY3RzViRjbGFzc6INDoACgAOiEBGABIAFgAdccmVsYXRpdmVQYXRoWWFsaWFzRGF0YV8QMy4uLy4uLy4uLy4uLy4uLy4uL1Jlc2VhcmNoL3BhcGVycy9NL01vc2xlcjEzQkNoLnBkZtIXCxgZV05TLmRhdGFPEQFsAAAAAAFsAAIAAAxNYWNpbnRvc2ggSEQAAAAAAAAAAAAAAAAAAAAAAAAAQkQAAf////8PTW9zbGVyMTNCQ2gucGRmAAAAAAAAAAAAAAAAAAAAAAAAAAAAAAAAAAAAAAAAAAAAAAAAAAAAAAAAAAAAAAAA/////wAAAAAAAAAAAAAAAAAGAAQAAAogY3UAAAAAAAAAAAAAAAAAAU0AAAIAOy86VXNlcnM6bWhqZW9uZzpEb2N1bWVudHM6UmVzZWFyY2g6cGFwZXJzOk06TW9zbGVyMTNCQ2gucGRmAAAOACAADwBNAG8AcwBsAGUAcgAxADMAQgBDAGgALgBwAGQAZgAPABoADABNAGEAYwBpAG4AdABvAHMAaAAgAEgARAASADlVc2Vycy9taGplb25nL0RvY3VtZW50cy9SZXNlYXJjaC9wYXBlcnMvTS9Nb3NsZXIxM0JDaC5wZGYAABMAAS8AABUAAgAO//8AAIAG0hscHR5aJGNsYXNzbmFtZVgkY2xhc3Nlc11OU011dGFibGVEYXRhox0fIFZOU0RhdGFYTlNPYmplY3TSGxwiI1xOU0RpY3Rpb25hcnmiIiBfEA9OU0tleWVkQXJjaGl2ZXLRJidUcm9vdIABAAgAEQAaACMALQAyADcAQABGAE0AVQBgAGcAagBsAG4AcQBzAHUAdwCEAI4AxADJANECQQJDAkgCUwJcAmoCbgJ1An4CgwKQApMCpQKoAq0AAAAAAAACAQAAAAAAAAAoAAAAAAAAAAAAAAAAAAACrw==},
	Bdsk-Url-1 = {http://dx.doi.org/10.1007/978-3-642-35494-6_2}}

@inproceedings{duckham16ICGIS,
	Author = {Duckham, Matt and van Kreveld, Marc and Purves, Ross and Speckmann, Bettina and Tao, Yaguang and Verbeek, Kevin and Wood, Jo},
	Booktitle = {International Conference on Geographic Information Science},
	Date-Added = {2018-01-23 15:36:36 +0000},
	Date-Modified = {2018-01-23 15:36:51 +0000},
	Organization = {Springer},
	Pages = {225--239},
	Title = {Modeling checkpoint-based movement with the earth mover's distance},
	Year = {2016}}

@article{guo14IEEETVCG,
	Author = {Guo, Diansheng and Zhu, Xi},
	Date-Added = {2018-01-23 14:52:54 +0000},
	Date-Modified = {2018-01-23 14:53:09 +0000},
	Journal = {IEEE Transactions on Visualization and Computer Graphics},
	Number = {12},
	Pages = {2043--2052},
	Publisher = {IEEE},
	Title = {Origin-destination flow data smoothing and mapping},
	Volume = {20},
	Year = {2014}}

@article{adrienko11IEEETVCG,
	Author = {Adrienko, Natalia and Adrienko, Gennady},
	Date-Added = {2018-01-23 14:52:07 +0000},
	Date-Modified = {2018-01-23 14:52:30 +0000},
	Journal = {IEEE Transactions on visualization and computer graphics},
	Number = {2},
	Pages = {205--219},
	Publisher = {IEEE},
	Title = {Spatial generalization and aggregation of massive movement data},
	Volume = {17},
	Year = {2011}}

@inproceedings{andrienko08VAST,
	Author = {Andrienko, Gennady and Andrienko, Natalia},
	Booktitle = {IEEE Symposium on Visual Analytics Science and Technology},
	Date-Added = {2018-01-23 14:51:07 +0000},
	Date-Modified = {2018-01-23 14:51:30 +0000},
	Organization = {IEEE},
	Pages = {51--58},
	Title = {Spatio-temporal aggregation for visual analysis of movements},
	Year = {2008}}

@article{yuan11JCIS,
	Author = {Yuan, Guan and Xia, Shixiong and Zhang, Lei and Zhou, Yong and Ji, Cheng},
	Date-Added = {2018-01-23 14:11:29 +0000},
	Date-Modified = {2018-01-23 14:11:40 +0000},
	Journal = {Journal of Computational Information Systems},
	Number = {11},
	Pages = {4137--4144},
	Title = {Trajectory outlier detection algorithm based on structural features},
	Volume = {7},
	Year = {2011}}

@inproceedings{zhang11UC,
	Author = {Zhang, Daqing and Li, Nan and Zhou, Zhi-Hua and Chen, Chao and Sun, Lin and Li, Shijian},
	Booktitle = {Proc. 13th international conference on Ubiquitous computing},
	Date-Added = {2018-01-23 14:10:15 +0000},
	Date-Modified = {2018-01-23 14:10:57 +0000},
	Organization = {ACM},
	Pages = {99--108},
	Title = {iBAT: {D}etecting anomalous taxi trajectories from GPS traces},
	Year = {2011}}

@article{liu12IJGIS,
	Author = {Liu, Liangxu and Qiao, Shaojie and Zhang, Yongping and Hu, JinSong},
	Date-Added = {2018-01-23 14:09:05 +0000},
	Date-Modified = {2018-01-23 14:09:17 +0000},
	Journal = {International Journal of Geographical Information Science},
	Number = {10},
	Pages = {1789--1810},
	Publisher = {Taylor \& Francis},
	Title = {An efficient outlying trajectories mining approach based on relative distance},
	Volume = {26},
	Year = {2012}}

@inproceedings{pan13ACMGIS,
	Author = {Pan, Bei and Zheng, Yu and Wilkie, David and Shahabi, Cyrus},
	Booktitle = {Proc. 21st ACM SIGSPATIAL International Conference on Advances in Geographic Information Systems},
	Date-Added = {2018-01-23 14:06:14 +0000},
	Date-Modified = {2018-01-23 14:07:22 +0000},
	Organization = {ACM},
	Pages = {344--353},
	Title = {Crowd sensing of traffic anomalies based on human mobility and social media},
	Year = {2013}}

@inproceedings{lee08ICDE,
	Author = {Lee, Jae-Gil and Han, Jiawei and Li, Xiaolei},
	Booktitle = {IEEE 24th International Conference on Data Engineering},
	Date-Added = {2018-01-23 14:04:38 +0000},
	Date-Modified = {2018-01-23 14:05:15 +0000},
	Organization = {IEEE},
	Pages = {140--149},
	Title = {Trajectory outlier detection: A partition-and-detect framework},
	Year = {2008}}

@inproceedings{fontes13GeoInfo,
	Author = {Fontes, Vitor Cunha and de Alencar, Lucas Andre and Renso, Chiara and Bogorny, Vania and Pisa, It},
	Booktitle = {GeoInfo},
	Date-Added = {2018-01-23 14:03:45 +0000},
	Date-Modified = {2018-01-23 14:04:03 +0000},
	Pages = {49--60},
	Title = {Discovering Trajectory Outliers between Regions of Interest.},
	Year = {2013}}

@article{mazimpaka16JOSIS,
	Author = {Mazimpaka, Jean Damasc{\`e}ne and Timpf, Sabine},
	Date-Added = {2018-01-23 14:01:23 +0000},
	Date-Modified = {2018-01-23 14:01:48 +0000},
	Journal = {Journal of Spatial Information Science},
	Number = {13},
	Pages = {61--99},
	Title = {Trajectory data mining: {A} review of methods and applications},
	Volume = {2016},
	Year = {2016}}

@inproceedings{liu09CUPUM,
	Author = {Liu, Liang and Biderman, Assaf and Ratti, Carlo},
	Booktitle = {Proc. 11th International Conference on Computers in Urban Planning and Urban Management},
	Date-Added = {2018-01-23 12:58:24 +0000},
	Date-Modified = {2018-01-23 14:08:36 +0000},
	Pages = {1--16},
	Title = {Urban mobility landscape: Real time monitoring of urban mobility patterns},
	Year = {2009}}

@article{rinzivillo12KI,
	Author = {Rinzivillo, Salvatore and Mainardi, Simone and Pezzoni, Fabio and Coscia, Michele and Pedreschi, Dino and Giannotti, Fosca},
	Date-Added = {2018-01-23 12:57:31 +0000},
	Date-Modified = {2018-01-23 12:57:46 +0000},
	Journal = {KI-K{\"u}nstliche Intelligenz},
	Number = {3},
	Pages = {253--260},
	Publisher = {Springer},
	Title = {Discovering the geographical borders of human mobility},
	Volume = {26},
	Year = {2012}}

@article{gaffney07CD,
	Author = {Gaffney, Scott J and Robertson, Andrew W and Smyth, Padhraic and Camargo, Suzana J and Ghil, Michael},
	Date-Added = {2018-01-23 12:56:31 +0000},
	Date-Modified = {2018-01-23 12:56:46 +0000},
	Journal = {Climate dynamics},
	Number = {4},
	Pages = {423--440},
	Publisher = {Springer},
	Title = {Probabilistic clustering of extratropical cyclones using regression mixture models},
	Volume = {29},
	Year = {2007}}

@incollection{mazimpaka15AGILE,
	Author = {Mazimpaka, Jean Damasc{\`e}ne and Timpf, Sabine},
	Booktitle = {AGILE 2015},
	Date-Added = {2018-01-22 14:04:35 +0000},
	Date-Modified = {2018-01-22 14:04:51 +0000},
	Pages = {3--18},
	Publisher = {Springer},
	Title = {Exploring the potential of combining taxi GPS and flickr data for discovering functional regions},
	Year = {2015}}

@inproceedings{devarakonda13SIGKDD,
	Author = {Devarakonda, Srinivas and Sevusu, Parveen and Liu, Hongzhang and Liu, Ruilin and Iftode, Liviu and Nath, Badri},
	Booktitle = {Proc. 2nd ACM SIGKDD international workshop on urban computing},
	Date-Added = {2018-01-22 14:01:10 +0000},
	Date-Modified = {2018-01-23 14:08:20 +0000},
	Organization = {ACM},
	Pages = {15},
	Title = {Real-time air quality monitoring through mobile sensing in metropolitan areas},
	Year = {2013}}

@article{buchin14JOSIS,
	Author = {Buchin, Maike and Dodge, Somayeh and Speckmann, Bettina},
	Date-Added = {2018-01-22 13:59:40 +0000},
	Date-Modified = {2018-01-22 13:59:54 +0000},
	Journal = {Journal of Spatial Information Science},
	Number = {9},
	Pages = {101--124},
	Title = {Similarity of trajectories taking into account geographic context},
	Volume = {2014},
	Year = {2014}}

@inproceedings{chen13Percom,
	Author = {Chen, Chao and Zhang, Daqing and Zhou, Zhi-Hua and Li, Nan and Atmaca, T{\"u}lin and Li, Shijian},
	Booktitle = {2013 IEEE International Conference on Pervasive Computing and Communications (PerCom)},
	Date-Added = {2018-01-22 13:55:45 +0000},
	Date-Modified = {2018-01-22 13:56:20 +0000},
	Organization = {IEEE},
	Pages = {225--233},
	Title = {B-Planner: {N}ight bus route planning using large-scale taxi GPS traces},
	Year = {2013}}

@article{jain99ACMCS,
	Author = {Jain, AK and Murty, MN and Flynn, PJ},
	Date-Added = {2018-01-21 13:42:05 +0000},
	Date-Modified = {2018-01-21 13:42:16 +0000},
	Journal = {ACM Computing Surveys},
	Number = {3},
	Pages = {264--323},
	Title = {Estimating origin-destination flows using mobile phone location data},
	Volume = {31},
	Year = {1999}}

@article{zheng15ACMTIST,
	Author = {Zheng, Yu},
	Date-Added = {2018-01-19 02:36:16 +0000},
	Date-Modified = {2018-01-19 02:38:09 +0000},
	Journal = {ACM Transactions on Intelligent Systems and Technology},
	Number = {3},
	Pages = {29},
	Publisher = {ACM},
	Title = {Trajectory data mining: {A}n overview},
	Volume = {6},
	Year = {2015}}


@inproceedings{jiang2012discovering,
  title={Discovering urban spatial-temporal structure from human activity patterns},
  author={Jiang, Shan and Ferreira Jr, Joseph and Gonzalez, Marta C},
  booktitle={Proceedings of the ACM SIGKDD international workshop on urban computing},
  pages={95--102},
  year={2012},
  organization={ACM}
}

@article{kwan1998space,
  title={Space-time and integral measures of individual accessibility: a comparative analysis using a point-based framework},
  author={Kwan, Mei-Po},
  journal={Geographical analysis},
  volume={30},
  number={3},
  pages={191--216},
  year={1998},
  publisher={Wiley Online Library}
}

@article{alberti2003integrating,
  title={Integrating humans into ecology: opportunities and challenges for studying urban ecosystems},
  author={Alberti, Marina and Marzluff, John M and Shulenberger, Eric and Bradley, Gordon and Ryan, Clare and Zumbrunnen, Craig},
  journal={AIBS Bulletin},
  volume={53},
  number={12},
  pages={1169--1179},
  year={2003},
  publisher={American Institute of Biological Sciences}
}
