\bibitem[\protect\citeauthoryear{Blanford {\itshape{et~al.}}}{2015}]{blanford2015}
Blanford, J.I., Huang, Z., Savelyev, A. and MacEachren, A.M., 2015. Geo-located tweets. enhancing mobility maps and capturing cross-border movement. PLoS ONE, 10(6), p.e0129202.

\bibitem[\protect\citeauthoryear{Brockmann {\itshape{et~al.}}}{2006}]{brockmann2006}
Brockmann, D., Hufnagel, L., Geisel, T., 2006. The scaling laws of human travel. Nature 439, pp. 462-465.

\bibitem[\protect\citeauthoryear{Coscia {\itshape{et~al.}}}{2011}]{coscia2011}
Coscia, M., Giannotti, F. and Pedreschi, D., 2011. A classification for community discovery methods in complex networks. Statistical Analysis and Data Mining, 4(5), pp. 512-546.

\bibitem[\protect\citeauthoryear{Cranshaw {\itshape{et~al.}}}{2012}]{cranshaw2012}
Cranshaw, J., Schwartz, R., Hong, J.I. and Sadeh, N., 2012. The livehoods project: Utilizing social media to understand the dynamics of a city. In International AAAI Conference on Weblogs and Social Media p. 58.

\bibitem[\protect\citeauthoryear{De Domenico {\itshape{et~al.}}}{2015}]{domenico2015}
De Domenico, M., Lancichinetti, A., Arenas, A., Rosvall, M., 2015. Identifying Modular Flows on Multilayer Networks Reveals Highly Overlapping Organization in Interconnected Systems. Physical Review X, 5.

\bibitem[\protect\citeauthoryear{Fortunato and Barthélemy}{2007}]{fortunato2007}
Fortunato, S., Barthélemy, M., 2007. Resolution limit in community detection. Proceedings of the National Academy of Sciences, 104, pp. 36-41. 

\bibitem[\protect\citeauthoryear{Fotheringham}{1981}]{fotheringham1981}
Fotheringham, A.S., 1981. Spatial structure and distance-decay parameters. Annals of the Association of American Geographers, 71(3), pp.425-436.

\bibitem[\protect\citeauthoryear{Gao {\itshape{et~al.}}}{2014}]{gao2014}
Gao, S., Yang, J.A., Yan, B., Hu, Y., Janowicz, K. and McKenzie, G., 2014. Detecting Origin-Destination Mobility Flows From Geotagged Tweets in Greater Los Angeles Area. In Eighth International Conference on Geographic Information Science (GIScience'14).

\bibitem[\protect\citeauthoryear{González {\itshape{et~al.}}}{2008}]{gonzalez2008}
González, M.C., Hidalgo, C.A., Barabási, A.-L., 2008. Understanding individual human mobility patterns. Nature, 453, pp. 779-782.

\bibitem[\protect\citeauthoryear{Good {\itshape{et~al.}}}{2010}]{good2010}
Good, B.H., de Montjoye, Y.-A., Clauset, A., 2010. Performance of modularity maximization in practical contexts. Physical Review E, 81, 046106.

\bibitem[\protect\citeauthoryear{Guimerà {\itshape{et~al.}}}{2004}]{guimera2004}
Guimerà, R., Sales-Pardo, M., Amaral, L.A.N., 2004. Modularity from fluctuations in random graphs and complex networks. Physical Review E, 70, 025101.

\bibitem[\protect\citeauthoryear{Hawelka {\itshape{et~al.}}}{2014}]{hawelka}
Hawelka, B., Sitko, I., Beinat, E., Sobolevsky, S., Kazakopoulos, P., Ratti, C., 2014. Geo-located Twitter as proxy for global mobility patterns. Cartography and Geographic Information Science, 41, pp. 260-271.

\bibitem[\protect\citeauthoryear{Hollenstein and Purves}{2010}]{hollenstein2010}
Hollenstein, L. and Purves, R., 2010. Exploring place through user-generated content: Using Flickr tags to describe city cores. Journal of Spatial Information Science, 2010(1), pp.21-48.

\bibitem[\protect\citeauthoryear{Hu {\itshape{et~al.}}}{2016}]{hu2016}
Hu, Y., Gao, S., Janowicz, K., Yu, B., Li, W. and Prasad, S., 2015. Extracting and understanding urban areas of interest using geotagged photos. Computers, Environment and Urban Systems, 54, pp.240-254.

\bibitem[\protect\citeauthoryear{Huang {\itshape{et~al.}}}{2016}]{huang2016}
Huang, Q. and Wong, D.W., 2016. Activity patterns, socioeconomic status and urban spatial structure: what can social media data tell us?. International Journal of Geographical Information Science, pp.1-26.

\bibitem[\protect\citeauthoryear{Jiang and Miao}{2015}]{jiang2015}
Jiang, B., Miao, Y., 2015. The evolution of natural cities from the perspective of location-based social media. The Professional Geographer, 67(2), pp. 295-306.

\bibitem[\protect\citeauthoryear{Jurdak {\itshape{et~al.}}}{2015}]{jurdak2015}
Jurdak, R., Zhao, K., Liu, J., AbouJaoude, M., Cameron, M., Newth, D., 2015. Understanding Human Mobility from Twitter. PLoS ONE 10, e0131469.

\bibitem[\protect\citeauthoryear{Kallus {\itshape{et~al.}}}{2015}]{kallus2015}
Kallus Z, Barankai N, Szüle J, Vattay G., 2015. Spatial Fingerprints of Community Structure in Human Interaction Network for an Extensive Set of Large-Scale Regions. PLoS ONE 10(5): e0126713. 

\bibitem[\protect\citeauthoryear{Kung {\itshape{et~al.}}}{2014}]{kung2014}
Kung, K.S., Greco, K., Sobolevsky, S. and Ratti, C., 2014. Exploring universal patterns in human home-work commuting from mobile phone data. PLoS ONE, 9(6), p.e96180.

\bibitem[\protect\citeauthoryear{Lancichinetti and Fortunato}{2009}]{lancichinetti2009}
Lancichinetti, A., Fortunato, S., 2009. Community detection algorithms: A comparative analysis. Physical Review E, 80, 056117.

\bibitem[\protect\citeauthoryear{Liu {\itshape{et~al.}}}{2014}]{liuPopMobility}
Liu, J., Zhao, K., Khan, S., Cameron, M., Jurdak, R., 2014. Multi-scale Population and Mobility Estimation with Geo-tagged Tweets. ArXiv14120327 Phys.

\bibitem[\protect\citeauthoryear{Liu {\itshape{et~al.}}}{2015}]{liu2015}
Liu, X., Gong, L., Gong, Y., Liu, Y., 2015. Revealing travel patterns and city structure with taxi trip data. Journal of Transportation Geography, 43, pp. 78-90.

\bibitem[\protect\citeauthoryear{Liu {\itshape{et~al.}}}{2014}]{liu2014}
Liu, Y., Sui, Z., Kang, C., Gao, Y., 2014. Uncovering patterns of inter-urban trip and spatial interaction from social media check-in data. PLoS ONE, 9(1), p.e86026.

\bibitem[\protect\citeauthoryear{Long {\itshape{et~al.}}}{2015}]{long2015}
Long, Y., Han, H., Tu, Y., Shu, X., 2015. Evaluating the effectiveness of urban growth boundaries using human mobility and activity records. Cities, 46, pp. 76-84.

\bibitem[\protect\citeauthoryear{Luo {\itshape{et~al.}}}{2016}]{luo2016}
Luo, F., Cao, G., Mulligan, K., Li, X., 2016. Explore spatiotemporal and demographic characteristics of human mobility via Twitter: A case study of Chicago, Applied Geography, 70, pp. 11-25

\bibitem[\protect\citeauthoryear{Lynch}{1960}]{lynch1960}
Lynch, K., 1960. The image of the city. MIT press.

\bibitem[\protect\citeauthoryear{Newman}{2006}]{newman2006}
Newman, M.E.J., 2006. Modularity and community structure in networks. Proceedings of the National Academy of Sciences, 103, pp. 8577-8582.

\bibitem[\protect\citeauthoryear{Miller}{2004}]{miller2004}
Miller, H.J., 2004. Tobler's first law and spatial analysis. Annals of the Association of American Geographers, 94(2), pp.284-289.

\bibitem[\protect\citeauthoryear{Openshaw}{1984}]{openshaw1984}
Openshaw, S., 1984. The modifiable areal unit problem. Geo Abstracts University of East Anglia.

\bibitem[\protect\citeauthoryear{Qian {\itshape{et~al.}}}{2013}]{qian2013}
Qian, W., Stanley, K. G., Osgood, N. D., 2013. The impact of spatial resolution and representation on human mobility predictability. In Web and Wireless Geographical Information Systems,  pp. 25-40, Springer Berlin Heidelberg.

\bibitem[\protect\citeauthoryear{Ratti {\itshape{et~al.}}}{2010}]{ratti2010}
Ratti, C., Sobolevsky, S., Calabrese, F., Andris, C., Reades, J., Martino, M., Claxton, R., Strogatz, S.H., 2010. Redrawing the Map of Great Britain from a Network of Human Interactions. PLoS ONE 5, e14248.

\bibitem[\protect\citeauthoryear{Rae}{2009}]{rae2009}
Rae, A., 2009. From spatial interaction data to spatial interaction information? Geovisualisation and spatial structures of migration from the 2001 UK census. Computers, Environment and Urban Systems, 33(3), pp.161-178.

\bibitem[\protect\citeauthoryear{Reynolds}{2012}]{reynolds2012}
Reynolds, A., 2012. Truncated levy walks are expected beyond the scale of data collection when correlated random walks embody observed movement patterns. Journal of The Royal Society Interface, 9(68), pp. 528-534.

\bibitem[\protect\citeauthoryear{Rhee {\itshape{et~al.}}}{2011}]{rhee2011}
Rhee, I., Shin, M., Hong, S., Lee, K., Kim, S. J., and Chong, S., 2011. On the levy-walk nature of human mobility. IEEE/ACM transactions on networking (TON), 19(3), pp. 630-643.

\bibitem[\protect\citeauthoryear{Rinzivillo {\itshape{et~al.}}}{2012}]{rinzivillo2012}
Rinzivillo, S., Mainardi, S., Pezzoni, F., Coscia, M., Pedreschi, D., Giannotti, F., 2012. Discovering the Geographical Borders of Human Mobility. KI - Künstl. Intelligenz, 26, pp. 253-260.

\bibitem[\protect\citeauthoryear{Rosvall {\itshape{et~al.}}}{2010}]{rosvall2010}
Rosvall, M., Axelsson, D., Bergstrom, C.T., 2010. The map equation. The European Physical Journal Special Topics, 178, pp. 13–23.

\bibitem[\protect\citeauthoryear{Rosvall and Bergstrom}{2008}]{rosvall2008}
Rosvall, M., Bergstrom, C.T., 2008. Maps of random walks on complex networks reveal community structure. Proceedings of the National Academy of Sciences, 105, pp. 1118-1123.

\bibitem[\protect\citeauthoryear{Schliephake}{2014}]{schliephake}
Schliephake, C., 2014. Urban Ecologies: City Space, Material Agency, and Environmental Politics in Contemporary Culture. Lexington Books.

\bibitem[\protect\citeauthoryear{Simini {\itshape{et~al.}}}{2012}]{simini2012}
Simini, F., González, M. C., Maritan, A., Barabási, A. L., 2012. A universal model for mobility and migration patterns. Nature, 484(7392), pp. 96-100.

\bibitem[\protect\citeauthoryear{Sobolevsky {\itshape{et~al.}}}{2013}]{sobolevsky2013}
Sobolevsky S, Szell M, Campari R, Couronné T, Smoreda Z, Ratti, C., 2013. Delineating Geographical Regions with Networks of Human Interactions in an Extensive Set of Countries. PLoS ONE 8(12): e81707.

\bibitem[\protect\citeauthoryear{Song {\itshape{et~al.}}}{2012}]{song2012}
Song, C., Wang, D., Barabási, A.-L., 2012. Connections between human dynamics and network science. ArXiv Prepr. ArXiv12091411.

\bibitem[\protect\citeauthoryear{Stefanidis {\itshape{et~al.}}}{2013}]{stefanidis2013}
Stefanidis, A., Cotnoir, A., Croitoru, A., Crooks, A., Rice, M. and Radzikowski, J., 2013. Demarcating new boundaries: mapping virtual polycentric communities through social media content. Cartography and Geographic Information Science, 40(2), pp.116-129.

\bibitem[\protect\citeauthoryear{Steiger {\itshape{et~al.}}}{2015}]{steiger2015}
Steiger, E., Westerholt, R., Resch, B. and Zipf, A., 2015. Twitter as an indicator for whereabouts of people? Correlating twitter with uk census data. Computers, Environment and Urban Systems, 54, pp. 255-265.

\bibitem[\protect\citeauthoryear{Sun {\itshape{et~al.}}}{2016}]{sun2016}
Sun, Y., Fan, H., Li, M. and Zipf, A., 2016. Identifying the city center using human travel flows generated from location-based social networking data. Environment and Planning B: Planning and Design, 43(3), pp.480-498.

\bibitem[\protect\citeauthoryear{Thiemann {\itshape{et~al.}}}{2010}]{thiemann}
Thiemann, C., Theis, F., Grady, D., Brune, R., Brockmann, D., 2010. The Structure of Borders in a Small World. PLoS ONE 5, e15422.

\bibitem[\protect\citeauthoryear{Vasardani {\itshape{et~al.}}}{2013}]{vasardani2013}
Vasardani, M., Winter, S. and Richter, K.F., 2013. Locating place names from place descriptions. International Journal of Geographical Information Science, 27(12), pp.2509-2532.

\bibitem[\protect\citeauthoryear{Wong}{2009}]{wong2009}
Wong, D., 2009. The modifiable areal unit problem (MAUP). SAGE Publications: London, UK.

\bibitem[\protect\citeauthoryear{Zandbergen}{2009}]{zandbergen2009}
Zandbergen, P.A., 2009. Accuracy of iPhone Locations: A Comparison of Assisted GPS, WiFi and Cellular Positioning. Transactions in GIS, 13, pp. 5-25.

\bibitem[\protect\citeauthoryear{Zhao {\itshape{et~al.}}}{2015}]{zhao2015}
Zhao, K., Musolesi, M., Hui, P., Rao, W., and Tarkoma, S., 2015. Explaining the power-law distribution of human mobility through transportation modality decomposition. Scientific reports, 5.

\bibitem[\protect\citeauthoryear{Zhao {\itshape{et~al.}}}{2016}]{zhao2016}
Zhao, Z., Shaw, S.L., Xu, Y., Lu, F., Chen, J. and Yin, L., 2016. Understanding the bias of call detail records in human mobility research. International Journal of Geographical Information Science, 30(9), pp.1738-1762.

\bibitem[\protect\citeauthoryear{Zheng {\itshape{et~al.}}}{2008}]{zheng2008}
Zheng, Y., Li, Q., Chen, Y., Xie, X. and Ma, W.Y., 2008, September. Understanding mobility based on GPS data. In Proceedings of the 10th international conference on Ubiquitous computing (pp. 312-321). ACM.

\bibitem[\protect\citeauthoryear{Zhong {\itshape{et~al.}}}{2014}]{zhong2014}
Zhong, C., Arisona, S.M., Huang, X., Batty, M., Schmitt, G., 2014. Detecting the dynamics of urban structure through spatial network analysis. International Journal of Geographical Information Science, 28, pp. 2178-2199.