@article{padmanabhan2014flumapper,
  title={FluMapper: A cyberGIS application for interactive analysis of massive location-based social media},
  author={Padmanabhan, Anand and Wang, Shaowen and Cao, Guofeng and Hwang, Myunghwa and Zhang, Zhenhua and Gao, Yizhao and Soltani, Kiumars and Liu, Yan},
  journal={Concurrency and Computation: Practice and Experience},
  year={2014},
  publisher={Wiley Online Library}
}

@article{hawelka2014geo,
  title={Geo-located Twitter as proxy for global mobility patterns},
  author={Hawelka, Bartosz and Sitko, Izabela and Beinat, Euro and Sobolevsky, Stanislav and Kazakopoulos, Pavlos and Ratti, Carlo},
  journal={Cartography and Geographic Information Science},
  volume={41},
  number={3},
  pages={260--271},
  year={2014},
  publisher={Taylor \& Francis}
}
