@article{padmanabhan2014flumapper,
  title={FluMapper: A cyberGIS application for interactive analysis of massive location-based social media},
  author={Padmanabhan, Anand and Wang, Shaowen and Cao, Guofeng and Hwang, Myunghwa and Zhang, Zhenhua and Gao, Yizhao and Soltani, Kiumars and Liu, Yan},
  journal={Concurrency and Computation: Practice and Experience},
  year={2014},
  publisher={Wiley Online Library}
}

@article{hawelka2014geo,
  title={Geo-located Twitter as proxy for global mobility patterns},
  author={Hawelka, Bartosz and Sitko, Izabela and Beinat, Euro and Sobolevsky, Stanislav and Kazakopoulos, Pavlos and Ratti, Carlo},
  journal={Cartography and Geographic Information Science},
  volume={41},
  number={3},
  pages={260--271},
  year={2014},
  publisher={Taylor \& Francis}
}

@article{huang2016activity,
  title={Activity patterns, socioeconomic status and urban spatial structure: what can social media data tell us?},
  author={Huang, Qunying and Wong, David},
  journal={International Journal of Geographic Information Science},
  year={2016}
}

@article{yin2016exploring,
  title={Exploring Multi-Scale Spatiotemporal Twitter User Mobility Patterns  with a Visual-Analytics Approach},
  author={Yin, Junjun and Gao, Yizhao and Du, Zhenhong and Wang, Shaowen},
  journal={ISPRS International Journal of Geo-Information},
  volume={5},
  number={10},
  pages={187},
  year={2016},
  publisher={http://www.mdpi.com/2220-9964/5/10/187}
}

@article{yin2017depicting,
  title={Depicting urban boundaries from a mobility network of spatial interactions: A case study of Great Britain with geo-located Twitter data},
  author={Yin, Junjun and Soliman, Aiman and Yin, Dandong and Wang, Shaowen},
  journal={International Journal of Geographical Information Science},
  year={2017},
  publisher={arXiv:1701.03173}
}